<?xml version="1.0" encoding="UTF-8"?>
<collection xmlns:xsi="http://www.w3.org/2001/XMLSchema-instance" xsi:schemaLocation="http://www.loc.gov/MARC21/slim http://www.loc.gov/standards/marcxml/schema/MARC21slim.xsd" xmlns="http://www.loc.gov/MARC21/slim">
<record>
  <leader>00990cam a22001931i 4500</leader>
  <controlfield tag="001">2872203</controlfield>
  <controlfield tag="003">NNC</controlfield>
  <controlfield tag="005">20130425234924.0</controlfield>
  <controlfield tag="008">010211s1929    ua            000 0 ara d</controlfield>
  <datafield tag="035" ind1=" " ind2=" ">
    <subfield code="a">(OCoLC)ocm45890055</subfield>
  </datafield>
  <datafield tag="035" ind1=" " ind2=" ">
    <subfield code="9">ASA6794CU</subfield>
  </datafield>
  <datafield tag="035" ind1=" " ind2=" ">
    <subfield code="a">(NNC)2872203</subfield>
  </datafield>
  <datafield tag="040" ind1=" " ind2=" ">
    <subfield code="a">ZCU</subfield>
    <subfield code="c">ZCU</subfield>
  </datafield>
  <datafield tag="090" ind1=" " ind2=" ">
    <subfield code="a">BP130.4.S99</subfield>
    <subfield code="b">J34</subfield>
  </datafield>
  <datafield tag="100" ind1="1" ind2=" ">
    <subfield code="a">Jamal, Sulaymān ibn ʻUmar,</subfield>
    <subfield code="d">-1789 or 1790.</subfield>
  </datafield>
  <datafield tag="245" ind1="1" ind2="0">
    <subfield code="a">Ḥāshiyat al-Jamal ʻalā al-Jalālayn :</subfield>
    <subfield code="b">al-musammāh bi al-Futühāt al-ilāhiȳah bi-tawdīh Tafsīr al-Jalālyn lil-daqāʾiq al-khafīyah /</subfield>
    <subfield code="c">taʾlīf Sulayman al-Jamal ; wa-bi-al-hāmish, Tafsīr al-Jalālayn al-madhkūr ; wa-bi-hāmishihī aydan, Imlāʾ mā manna bihī al-Rahmān min wujūh al-irab wa-al-qirāʾāt-fī jamīʻ al-Qurʾān, taʾlīf Muhibb al-Dīn Abī al-Baqāʾ ʻAbd Allāh ibn al-Ḥusayn ibn ʻAbd Allāh al-ʻUkbarī.</subfield>
  </datafield>
  <datafield tag="260" ind1=" " ind2=" ">
    <subfield code="a">Misr :</subfield>
    <subfield code="b">Maṭbaʻat al-Taqaddum al-ʻIlmīyah,</subfield>
    <subfield code="c">[1929]</subfield>
  </datafield>
  <datafield tag="300" ind1=" " ind2=" ">
    <subfield code="a">4 v. ;</subfield>
    <subfield code="c">28 cm.</subfield>
  </datafield>
  <datafield tag="955" ind1=" " ind2=" ">
    <subfield code="b">0113376772</subfield>
    <subfield code="d">glx</subfield>
    <subfield code="e">BP130.4.S99 J34</subfield>
    <subfield code="v">v.1</subfield>
  </datafield>
</record>
</collection>